<Document xmlns="urn:iso:std:iso:20022:tech:xsd:camt.053.001.08">
    <BkToCstmrStmt>
        <AppHdr>
            <Fr>
                <FIId>
                    <FinInstnId>
                        <BICFI>LVERSGSGXXX</BICFI>
                    </FinInstnId>
                </FIId>
            </Fr>
            <To>
                <FIId>
                    <FinInstnId>
                        <BICFI>POOLSG3XXXX</BICFI>
                    </FinInstnId>
                </FIId>
            </To>
        </AppHdr>
        <GrpHdr> 
            <MsgId>123456789</MsgId>
            <CreDtTm>2022-07-04T10:57:33+00:00</CreDtTm>
        </GrpHdr>
        <Stmt>
            <Id>100-01</Id>
            <StmtPgntn>
                <PgNb>1</PgNb>
                <LastPgInd>true</LastPgInd>
            </StmtPgntn>
            <LglSeqNb>1001</LglSeqNb>
            <Acct>
                <Id>
                    <Othr>
                        <Id>5491-00003011-MULT</Id>
                    </Othr>
                </Id>
                <Ccy>SGD</Ccy>
            </Acct>
            <Bal>
                <Tp>
                    <CdOrPrtry>
                        <Cd>OPBD</Cd>
                    </CdOrPrtry>
                </Tp>
                <Amt Ccy="SGD">65052345.27</Amt>
                <CdtDbtInd>CRDT</CdtDbtInd>
                <Dt>
                    <Dt>2022-07-04</Dt>
                </Dt>
            </Bal>
            <Bal>
                <Tp>
                    <CdOrPrtry>
                        <Cd>CLBD</Cd>
                    </CdOrPrtry>
                </Tp>
                <Amt Ccy="SGD">15052345.27</Amt>
                <CdtDbtInd>CRDT</CdtDbtInd>
                <Dt>
                    <Dt>2022-07-04</Dt>
                </Dt>
            </Bal>
            <Ntry>
                <Amt Ccy="SGD">15000000</Amt>
                <CdtDbtInd>DBIT</CdtDbtInd>
                <Sts>
                    <Cd>BOOK</Cd>
                </Sts>
                <BookgDt>
                    <DtTm>2022-07-04T10:15:00+00:00</DtTm>
                </BookgDt>
                <ValDt>
                    <Dt>2022-07-04</Dt>
                </ValDt>
                <NtryDtls>
                    <TxDtls>
                        <Refs>
                            <EndToEndId>ALAN/MANU/PURCH-001</EndToEndId>
                            <UETR>50b6ef580b09448029e5f9302364d632</UETR>
                        </Refs>
                        <Amt Ccy="SGD">15000000</Amt>
                        <CdtDbtInd>DBIT</CdtDbtInd>
                    </TxDtls>
                </NtryDtls>
            </Ntry>
            <Ntry>
                <Amt Ccy="SGD">1000000</Amt>
                <CdtDbtInd>DBIT</CdtDbtInd>
                <Sts>
                    <Cd>BOOK</Cd>
                </Sts>
                <BookgDt>
                    <DtTm>2022-07-04T10:16:00+00:00</DtTm>
                </BookgDt>
                <ValDt>
                    <Dt>2022-07-04</Dt>
                </ValDt>
                <NtryDtls>
                    <Btch>
                        <MsgId>FINP-0055</MsgId>
                        <PmtInfId>FINP-0055/002</PmtInfId>
                        <NbOfTxs>10</NbOfTxs>
                        <TtlAmt>10000000</TtlAmt>
                        <CdtDbtInd>DBIT</CdtDbtInd>
                    </Btch>
                </NtryDtls>
            </Ntry>
            <Ntry>
                <Amt Ccy="SGD">2000000</Amt>
                <CdtDbtInd>DBIT</CdtDbtInd>
                <Sts>
                    <Cd>BOOK</Cd>
                </Sts>
                <BookgDt>
                    <DtTm>2022-07-04T10:17:00+00:00</DtTm>
                </BookgDt>
                <ValDt>
                    <Dt>2022-07-04</Dt>
                </ValDt>
                <NtryDtls>
                    <Btch>
                        <MsgId>FINP-0055</MsgId>
                        <PmtInfId>FINP-0055/003</PmtInfId>
                        <NbOfTxs>5</NbOfTxs>
                        <TtlAmt>10000000</TtlAmt>
                        <CdtDbtInd>DBIT</CdtDbtInd>
                    </Btch>
                </NtryDtls>
            </Ntry>
            <Ntry>
                <Amt Ccy="SGD">3000000</Amt>
                <CdtDbtInd>DBIT</CdtDbtInd>
                <Sts>
                    <Cd>BOOK</Cd>
                </Sts>
                <BookgDt>
                    <DtTm>2022-07-04T10:19:00+00:00</DtTm>
                </BookgDt>
                <ValDt>
                    <Dt>2022-07-04</Dt>
                </ValDt>
                <NtryDtls>
                    <Btch>
                        <MsgId>FINP-0055</MsgId>
                        <PmtInfId>FINP-0055/004</PmtInfId>
                        <NbOfTxs>5</NbOfTxs>
                        <TtlAmt>15000000</TtlAmt>
                        <CdtDbtInd>DBIT</CdtDbtInd>
                    </Btch>
                </NtryDtls>
            </Ntry>
        </Stmt>
    </BkToCstmrStmt>
</Document>